<record><leader>00000cas a2200000 a 4500</leader><controlfield tag="001">27951459</controlfield><controlfield tag="008">930420d1917192uiludn ne      0   a0eng c</controlfield><datafield ind1=" " ind2=" " tag="010"><subfield code="a">sn 93055773 </subfield></datafield><datafield ind1=" " ind2=" " tag="040"><subfield code="a">NVF</subfield><subfield code="b">eng</subfield><subfield code="c">NVF</subfield><subfield code="d">OCLCQ</subfield><subfield code="d">NVF</subfield><subfield code="d">OCLCQ</subfield><subfield code="d">OCLCF</subfield><subfield code="d">NVF</subfield><subfield code="d">OCLCO</subfield></datafield><datafield ind1="1" ind2=" " tag="029"><subfield code="a">AU@</subfield><subfield code="b">000020740408</subfield></datafield><datafield ind1=" " ind2=" " tag="042"><subfield code="a">pcc</subfield></datafield><datafield ind1=" " ind2=" " tag="043"><subfield code="a">n-us-il</subfield></datafield><datafield ind1="0" ind2="4" tag="245"><subfield code="a">The Metropolis daily news.</subfield></datafield><datafield ind1=" " ind2=" " tag="260"><subfield code="a">Metropolis, Ill. :</subfield><subfield code="b">News Pub. Co.,</subfield><subfield code="c">1917-[192-?]</subfield></datafield><datafield ind1=" " ind2=" " tag="300"><subfield code="a">v.</subfield></datafield><datafield ind1=" " ind2=" " tag="310"><subfield code="a">Daily (except Sunday)</subfield></datafield><datafield ind1="0" ind2=" " tag="362"><subfield code="a">Vol. 1, no. 1 (Feb. 16, 1917)-</subfield></datafield><datafield ind1=" " ind2=" " tag="588"><subfield code="a">Latest issue consulted: Dec. 17, 1926.</subfield></datafield><datafield ind1=" " ind2="0" tag="651"><subfield code="a">Metropolis (Ill.)</subfield><subfield code="v">Newspapers.</subfield></datafield><datafield ind1=" " ind2="7" tag="651"><subfield code="a">Illinois</subfield><subfield code="z">Metropolis.</subfield><subfield code="2">fast</subfield><subfield code="0">(OCoLC)fst01219163</subfield></datafield><datafield ind1=" " ind2="7" tag="655"><subfield code="a">Newspapers.</subfield><subfield code="2">fast</subfield><subfield code="0">(OCoLC)fst01423814</subfield></datafield><datafield ind1=" " ind2=" " tag="752"><subfield code="a">United States</subfield><subfield code="b">Illinois</subfield><subfield code="c">Massac</subfield><subfield code="d">Metropolis.</subfield></datafield><datafield ind1="0" ind2="0" tag="785"><subfield code="t">Metropolis news (Metropolis, Ill. : 1927)</subfield><subfield code="w">(DLC)sn 93055774</subfield><subfield code="w">(OCoLC)27951565</subfield></datafield></record>